#############
# Genomics

#doi = {10.1371/journal.ppat.1004856},
#isbn = {1553-7366},
#issn = {15537374},
#pmid = {26046528},

@article{shoemaker:2015:ultrasensitive,
journal = {PLoS Pathogens},
number = {6},
pages = {1--25},
title = {An Ultrasensitive Mechanism Regulates Influenza Virus-Induced
Inflammation},
author = {Shoemaker, J.~E. and Fukuyama, S. and Eisfeld, A.~J.
    and Zhao, D. and Kawakami, E. and Sakabe, S. and Maemura,
    T. and Gorai, T. and Katsura, H. and Muramoto, Y. and
    Watanabe, S. and Watanabe, T. and Fuji, K. and Matsuoka, Y.
    and Kitano, H. and Kawaoka, Y.},
volume = {11},
year = {2015}
}


@article{Luan:2003:clustering,
  title={Clustering of time-course gene expression data using a mixed-effects model with {B}-splines},
  author={Luan, Y. and Li, H.},
  journal={Bioinformatics},
  volume={19},
  number={4},
  pages={474--482},
  year={2003},
  publisher={Oxford University Press}
}


################

@book{dudley:2018:analysis,
  title={Real analysis and probability},
  author={Dudley, R.},
  year={2018},
  publisher={Chapman and Hall/CRC}
}


@book{keener:2011:theoretical,
  title={Theoretical Statistics: Topics for a Core Course},
  author={Keener, R.~W.},
  year={2011},
  publisher={Springer}
}

@book{schott:2016:matrix,
  title={Matrix Analysis for Statistics},
  author={Schott, J.},
  year={2016},
  publisher={John Wiley \& Sons}
}

######################
# Jackknife references

@article{reeds:1978:jackknifing,
  title={Jackknifing maximum likelihood estimates},
  author={Reeds, J.~A.},
  journal={The Annals of Statistics},
  pages={727--739},
  year={1978},
  publisher={JSTOR}
}

@article{mises:1947:asymptotic,
  title={On the asymptotic distribution of differentiable statistical functions},
  author={Mises, R.},
  journal={The Annals of Mathematical Statistics},
  volume={18},
  number={3},
  pages={309--348},
  year={1947},
  publisher={JSTOR}
}

@article{clarke:1983:uniqueness,
  title={Uniqueness and {Fr{\'e}chet} differentiability of functional solutions to maximum likelihood type equations},
  author={Clarke, B.},
  journal={The Annals of Statistics},
  volume={11},
  number={4},
  pages={1196--1205},
  year={1983},
  publisher={Institute of Mathematical Statistics}
}

@book{wright:1999:optimization,
  title={Numerical Optimization},
  author={Wright, S. and Nocedal, J.},
  journal={Springer Science},
  volume={35},
  number={67-68},
  pages={7},
  year={1999}
}

@article{agarwal:2016:lissa,
  title={Second-order stochastic optimization in linear time},
  author={Agarwal, N. and Bullins, B. and Hazan, E.},
  journal={Journal of Machine Learning Research},
  year={2017}
}

@book{barbe:2012:weighted,
  title={The Weighted Bootstrap},
  author={Barbe, P. and Bertail, P.},
  volume={98},
  year={2012},
  publisher={Springer Science \& Business Media}
}

@inproceedings{maclaurin:2015:autograd,
  title={Autograd: Effortless gradients in numpy},
  author="Maclaurin, D. and Duvenaud, D. and Adams, R.~P.",
  booktitle={International Conference on Machine Learning (ICML) AutoML Workshop},
  year={2015}
}

# Actually 2017
@article{baydin:2015:automatic,
  title={Automatic differentiation in machine learning: a survey.},
  author={Baydin, A. and Pearlmutter, B. and Radul, A. and Siskind, J.},
  journal={Journal of Machine Learning Research},
  volume={18},
  number={153},
  pages={1--153},
  year={2017}
}


@article{cook:1986:assessment,
  title={Assessment of local influence},
  author={D. R. Cook},
  journal={Journal of the Royal Statistical Society. Series B (Methodological)},
  pages={133--169},
  year={1986},
  publisher={JSTOR}
}

@book{amari:2007:geom,
  title={Methods of Information Geometry},
  author={S. Amari and H. Nagaoka},
  volume={191},
  year={2007},
  publisher={American Mathematical Society}
}

@book{shao:2012:jackknife,
  title={The Jackknife and Bootstrap},
  author={J. Shao and D. Tu},
  year={2012},
  publisher={Springer Series in Statistics}
}


@article{shao:1993:jackknifemestimator,
  title={Differentiability of statistical functionals and consistency of the jackknife},
  author={J. Shao},
  journal={The Annals of Statistics},
  pages={61--75},
  year={1993},
  publisher={JSTOR}
}

@techreport{jaeckel:1972:infinitesimal,
  title={The Infinitesimal Jackknife, Memorandum},
  author={L. Jaeckel},
  year={1972},
  institution={MM 72-1215-11, Bell Lab. Murray Hill, NJ}
}

@book{efron:1982:jackknife,
  title={The Jackknife, the Bootstrap, and Other Resampling Plans},
  author={B. Efron},
  volume={38},
  year={1982},
  publisher={Society for Industrial and Applied Mathematics}
}

@book{hall:2013:bootstrap,
  title={The Bootstrap and {Edgeworth} Expansion},
  author={Hall, P.},
  year={2013},
  publisher={Springer Science \& Business Media}
}

@book{fernholz:1983:mises,
  title={{Von Mises} Calculus for Statistical Functionals},
  author={Fernholz, L.},
  volume={19},
  year={1983},
  publisher={Springer Science \& Business Media}
}


@article{hampel:1974:influence,
  title={The influence curve and its role in robust estimation},
  author={F. R. Hampel},
  journal={Journal of the american statistical association},
  volume={69},
  number={346},
  pages={383--393},
  year={1974},
  publisher={Taylor \& Francis}
}

@incollection{huber:2011:robust,
  title={Robust statistics},
  author={P. J. Huber},
  booktitle={International Encyclopedia of Statistical Science},
  pages={1248--1251},
  year={2011},
  publisher={Springer}
}

@article{wu:1990:asymptotic,
  title={On the asymptotic properties of the jackknife histogram},
  author={C. Wu},
  journal={The Annals of Statistics},
  pages={1438--1452},
  year={1990},
  publisher={JSTOR}
}

#####################

@article{wager:2014:confidence,
  title={Confidence intervals for random forests: The jackknife and the infinitesimal jackknife},
  author={Wager, S. and Hastie, T. and Efron, B.},
  journal={The Journal of Machine Learning Research},
  volume={15},
  number={1},
  pages={1625--1651},
  year={2014},
  publisher={JMLR. org}
}

@article{rosset:2018:fixed,
  title={From Fixed-{X} to Random-{X} Regression: Bias-Variance Decompositions, Covariance Penalties, and Prediction Error Estimation},
  author={Rosset, S. and Tibshirani, R.~J.},
  journal={Journal of the American Statistical Association},
  year  = {2018},
  publisher = {Taylor \& Francis},
}

@article{adamczak:2008:empiricalprocess,
  title={A tail inequality for suprema of unbounded empirical processes with applications to {Markov} chains},
  author={Adamczak, R.},
  journal={Electronic Journal of Probability},
  volume={13},
  pages={1000--1034},
  year={2008},
  publisher={The Institute of Mathematical Statistics and the Bernoulli Society}
}

@article{mendelson:2010:empirical,
  title={Empirical processes with a bounded $\psi$ 1 diameter},
  author={Mendelson, S.},
  journal={Geometric and Functional Analysis},
  volume={20},
  number={4},
  pages={988--1027},
  year={2010},
  publisher={Springer}
}

@inproceedings{BeiramiRST17,
  author    = {A. Beirami and
               M. Razaviyayn and
               S. Shahrampour and
               V. Tarokh},
  title     = {On Optimal Generalizability in Parametric Learning},
  booktitle = {Advances in Neural Information Processing Systems (NIPS)},
  pages     = {3458--3468},
  year      = {2017},

}

@inproceedings{KohL17,
author = {P. W. Koh and P. Liang},
title = {Understanding Black-box Predictions via Influence Functions},
booktitle = {International Conference on Machine Learning (ICML)},
year = {2017}
}

@article{RadM18,
   author = {K. R. Rad and A. Maleki},
    title = "{A scalable estimate of the extra-sample prediction error via approximate leave-one-out}",
  journal = {arXiv Preprint},
archivePrefix = "arXiv",
   eprint = {1801.10243},
 primaryClass = "stat.ME",
 keywords = {Statistics - Methodology},
     year = 2018,
    month = jan,

}

@article {Huang17,
	author = {M. Huang and J. Wang and E. Torre and H. Dueck and S. Shaffer and
  R. Bonasio and J. Murray and A. Raj and M. Li and N. R. Zhang},
	title = "Gene Expression Recovery For Single Cell {RNA} Sequencing",
	year = {2017},
  publisher = {Cold Spring Harbor Laboratory},
	journal = {bioRxiv}
}

@article{ChatterjeeB05,
author = "S. Chatterjee and A. Bose",
journal = "The Annals of Statistics",
month = "02",
number = "1",
pages = "414--436",
publisher = "The Institute of Mathematical Statistics",
title = "Generalized bootstrap for estimating equations",
volume = "33",
year = "2005"
}

@techreport{ChamandyMNN12,
title = {Estimating Uncertainty for Massive Data Streams},
author  = {N. Chamandy and O. Muralidharan and A. Najmi and S. Naidu},
year  = {2012},
institution = {Google}
}

@misc{autograd,
    title = {autograd},
    author = {D. Maclaurin and D. Duvenaud and M. Johnson},
    year = 2017,
    note = {GitHub repository \url{https://github.com/HIPS/autograd}},
}

@misc{scipy,
  author =    {Jones, E. and Oliphant, T. and Peterson, P. and others},
  title =     {{SciPy}: Open source scientific tools for {Python}},
  year =      {2001},
  url = "http://www.scipy.org/"
}
